@misc{kabir2023reduction,
      title={Reduction of Class Activation Uncertainty with Background Information}, 
      author={H M Dipu Kabir},
      year={2023},
      eprint={2305.03238},
      archivePrefix={arXiv},
      primaryClass={cs.CV}
}